%YAML 1.1
%TAG !u! tag:unity3d.com,2011:
--- !u!1 &5706584440801104185
GameObject:
  m_ObjectHideFlags: 0
  m_CorrespondingSourceObject: {fileID: 0}
  m_PrefabInstance: {fileID: 0}
  m_PrefabAsset: {fileID: 0}
  serializedVersion: 6
  m_Component:
  - component: {fileID: 571147038490881176}
  - component: {fileID: 6219877271072539590}
  - component: {fileID: 1672426816378912262}
  - component: {fileID: 4800263911788322110}
  m_Layer: 0
  m_Name: Ground4
  m_TagString: Untagged
  m_Icon: {fileID: 0}
  m_NavMeshLayer: 0
  m_StaticEditorFlags: 0
  m_IsActive: 1
--- !u!4 &571147038490881176
Transform:
  m_ObjectHideFlags: 0
  m_CorrespondingSourceObject: {fileID: 0}
  m_PrefabInstance: {fileID: 0}
  m_PrefabAsset: {fileID: 0}
  m_GameObject: {fileID: 5706584440801104185}
  m_LocalRotation: {x: 0, y: 0, z: 0, w: 1}
  m_LocalPosition: {x: 0, y: 0, z: 0}
  m_LocalScale: {x: 15, y: 1, z: 100}
  m_Children:
  - {fileID: 5986034805089131239}
  - {fileID: 4233476681135240319}
  - {fileID: 8959474893626761472}
  - {fileID: 6831723274062562173}
  m_Father: {fileID: 0}
  m_RootOrder: 0
  m_LocalEulerAnglesHint: {x: 0, y: 0, z: 0}
--- !u!33 &6219877271072539590
MeshFilter:
  m_ObjectHideFlags: 0
  m_CorrespondingSourceObject: {fileID: 0}
  m_PrefabInstance: {fileID: 0}
  m_PrefabAsset: {fileID: 0}
  m_GameObject: {fileID: 5706584440801104185}
  m_Mesh: {fileID: 10202, guid: 0000000000000000e000000000000000, type: 0}
--- !u!23 &1672426816378912262
MeshRenderer:
  m_ObjectHideFlags: 0
  m_CorrespondingSourceObject: {fileID: 0}
  m_PrefabInstance: {fileID: 0}
  m_PrefabAsset: {fileID: 0}
  m_GameObject: {fileID: 5706584440801104185}
  m_Enabled: 0
  m_CastShadows: 1
  m_ReceiveShadows: 1
  m_DynamicOccludee: 1
  m_MotionVectors: 1
  m_LightProbeUsage: 1
  m_ReflectionProbeUsage: 1
  m_RayTracingMode: 2
  m_RenderingLayerMask: 1
  m_RendererPriority: 0
  m_Materials:
  - {fileID: 2100000, guid: a6b92e5abca730e498c04c1855b00195, type: 2}
  m_StaticBatchInfo:
    firstSubMesh: 0
    subMeshCount: 0
  m_StaticBatchRoot: {fileID: 0}
  m_ProbeAnchor: {fileID: 0}
  m_LightProbeVolumeOverride: {fileID: 0}
  m_ScaleInLightmap: 1
  m_ReceiveGI: 1
  m_PreserveUVs: 0
  m_IgnoreNormalsForChartDetection: 0
  m_ImportantGI: 0
  m_StitchLightmapSeams: 1
  m_SelectedEditorRenderState: 3
  m_MinimumChartSize: 4
  m_AutoUVMaxDistance: 0.5
  m_AutoUVMaxAngle: 89
  m_LightmapParameters: {fileID: 0}
  m_SortingLayerID: 0
  m_SortingLayer: 0
  m_SortingOrder: 0
--- !u!65 &4800263911788322110
BoxCollider:
  m_ObjectHideFlags: 0
  m_CorrespondingSourceObject: {fileID: 0}
  m_PrefabInstance: {fileID: 0}
  m_PrefabAsset: {fileID: 0}
  m_GameObject: {fileID: 5706584440801104185}
  m_Material: {fileID: 13400000, guid: 75bfc260ac2777744b9e44a6b17c02d9, type: 2}
  m_IsTrigger: 0
  m_Enabled: 1
  serializedVersion: 2
  m_Size: {x: 1, y: 1, z: 1}
  m_Center: {x: 0, y: 0, z: 0}
--- !u!1001 &809842288997677280
PrefabInstance:
  m_ObjectHideFlags: 0
  serializedVersion: 2
  m_Modification:
    m_TransformParent: {fileID: 571147038490881176}
    m_Modifications:
    - target: {fileID: 6354449013982224903, guid: d4ea9a72f2bb8ce43869f01cf06816da,
        type: 3}
      propertyPath: m_LocalPosition.x
      value: 0
      objectReference: {fileID: 0}
    - target: {fileID: 6354449013982224903, guid: d4ea9a72f2bb8ce43869f01cf06816da,
        type: 3}
      propertyPath: m_LocalPosition.y
      value: 1.5
      objectReference: {fileID: 0}
    - target: {fileID: 6354449013982224903, guid: d4ea9a72f2bb8ce43869f01cf06816da,
        type: 3}
      propertyPath: m_LocalPosition.z
      value: 0.2
      objectReference: {fileID: 0}
    - target: {fileID: 6354449013982224903, guid: d4ea9a72f2bb8ce43869f01cf06816da,
        type: 3}
      propertyPath: m_LocalRotation.x
      value: -0
      objectReference: {fileID: 0}
    - target: {fileID: 6354449013982224903, guid: d4ea9a72f2bb8ce43869f01cf06816da,
        type: 3}
      propertyPath: m_LocalRotation.y
      value: -0
      objectReference: {fileID: 0}
    - target: {fileID: 6354449013982224903, guid: d4ea9a72f2bb8ce43869f01cf06816da,
        type: 3}
      propertyPath: m_LocalRotation.z
      value: -0
      objectReference: {fileID: 0}
    - target: {fileID: 6354449013982224903, guid: d4ea9a72f2bb8ce43869f01cf06816da,
        type: 3}
      propertyPath: m_LocalRotation.w
      value: 1
      objectReference: {fileID: 0}
    - target: {fileID: 6354449013982224903, guid: d4ea9a72f2bb8ce43869f01cf06816da,
        type: 3}
      propertyPath: m_RootOrder
      value: 0
      objectReference: {fileID: 0}
    - target: {fileID: 6354449013982224903, guid: d4ea9a72f2bb8ce43869f01cf06816da,
        type: 3}
      propertyPath: m_LocalEulerAnglesHint.x
      value: 0
      objectReference: {fileID: 0}
    - target: {fileID: 6354449013982224903, guid: d4ea9a72f2bb8ce43869f01cf06816da,
        type: 3}
      propertyPath: m_LocalEulerAnglesHint.y
      value: 0
      objectReference: {fileID: 0}
    - target: {fileID: 6354449013982224903, guid: d4ea9a72f2bb8ce43869f01cf06816da,
        type: 3}
      propertyPath: m_LocalEulerAnglesHint.z
      value: 0
      objectReference: {fileID: 0}
    - target: {fileID: 5892259644386074711, guid: d4ea9a72f2bb8ce43869f01cf06816da,
        type: 3}
      propertyPath: m_Name
      value: Obstacle4
      objectReference: {fileID: 0}
    m_RemovedComponents: []
  m_SourcePrefab: {fileID: 100100000, guid: d4ea9a72f2bb8ce43869f01cf06816da, type: 3}
--- !u!4 &5986034805089131239 stripped
Transform:
  m_CorrespondingSourceObject: {fileID: 6354449013982224903, guid: d4ea9a72f2bb8ce43869f01cf06816da,
    type: 3}
  m_PrefabInstance: {fileID: 809842288997677280}
  m_PrefabAsset: {fileID: 0}
--- !u!1001 &3653849827965593843
PrefabInstance:
  m_ObjectHideFlags: 0
  serializedVersion: 2
  m_Modification:
    m_TransformParent: {fileID: 571147038490881176}
    m_Modifications:
    - target: {fileID: 5684501491166317043, guid: b5ccb8433f2888741a5de3527a5cb66e,
        type: 3}
      propertyPath: m_LocalPosition.x
      value: 0.32
      objectReference: {fileID: 0}
    - target: {fileID: 5684501491166317043, guid: b5ccb8433f2888741a5de3527a5cb66e,
        type: 3}
      propertyPath: m_LocalPosition.y
      value: 1.5
      objectReference: {fileID: 0}
    - target: {fileID: 5684501491166317043, guid: b5ccb8433f2888741a5de3527a5cb66e,
        type: 3}
      propertyPath: m_LocalPosition.z
      value: -0.25
      objectReference: {fileID: 0}
    - target: {fileID: 5684501491166317043, guid: b5ccb8433f2888741a5de3527a5cb66e,
        type: 3}
      propertyPath: m_LocalRotation.x
      value: -0
      objectReference: {fileID: 0}
    - target: {fileID: 5684501491166317043, guid: b5ccb8433f2888741a5de3527a5cb66e,
        type: 3}
      propertyPath: m_LocalRotation.y
      value: -0
      objectReference: {fileID: 0}
    - target: {fileID: 5684501491166317043, guid: b5ccb8433f2888741a5de3527a5cb66e,
        type: 3}
      propertyPath: m_LocalRotation.z
      value: -0
      objectReference: {fileID: 0}
    - target: {fileID: 5684501491166317043, guid: b5ccb8433f2888741a5de3527a5cb66e,
        type: 3}
      propertyPath: m_LocalRotation.w
      value: 1
      objectReference: {fileID: 0}
    - target: {fileID: 5684501491166317043, guid: b5ccb8433f2888741a5de3527a5cb66e,
        type: 3}
      propertyPath: m_RootOrder
      value: 2
      objectReference: {fileID: 0}
    - target: {fileID: 5684501491166317043, guid: b5ccb8433f2888741a5de3527a5cb66e,
        type: 3}
      propertyPath: m_LocalEulerAnglesHint.x
      value: 0
      objectReference: {fileID: 0}
    - target: {fileID: 5684501491166317043, guid: b5ccb8433f2888741a5de3527a5cb66e,
        type: 3}
      propertyPath: m_LocalEulerAnglesHint.y
      value: 0
      objectReference: {fileID: 0}
    - target: {fileID: 5684501491166317043, guid: b5ccb8433f2888741a5de3527a5cb66e,
        type: 3}
      propertyPath: m_LocalEulerAnglesHint.z
      value: 0
      objectReference: {fileID: 0}
    - target: {fileID: 6999863805423601462, guid: b5ccb8433f2888741a5de3527a5cb66e,
        type: 3}
      propertyPath: m_Name
      value: Obstacle5 (1)
      objectReference: {fileID: 0}
    - target: {fileID: 6999863805423601462, guid: b5ccb8433f2888741a5de3527a5cb66e,
        type: 3}
      propertyPath: m_IsActive
      value: 0
      objectReference: {fileID: 0}
    m_RemovedComponents: []
  m_SourcePrefab: {fileID: 100100000, guid: b5ccb8433f2888741a5de3527a5cb66e, type: 3}
--- !u!4 &8959474893626761472 stripped
Transform:
  m_CorrespondingSourceObject: {fileID: 5684501491166317043, guid: b5ccb8433f2888741a5de3527a5cb66e,
    type: 3}
  m_PrefabInstance: {fileID: 3653849827965593843}
  m_PrefabAsset: {fileID: 0}
--- !u!1001 &7786886499845735325
PrefabInstance:
  m_ObjectHideFlags: 0
  serializedVersion: 2
  m_Modification:
    m_TransformParent: {fileID: 571147038490881176}
    m_Modifications:
    - target: {fileID: 3665855454372921568, guid: 6c1929bfc6657b24cba2245af53ad7f8,
        type: 3}
      propertyPath: m_LocalPosition.x
      value: 0.2219474
      objectReference: {fileID: 0}
    - target: {fileID: 3665855454372921568, guid: 6c1929bfc6657b24cba2245af53ad7f8,
        type: 3}
      propertyPath: m_LocalPosition.y
      value: 5.5
      objectReference: {fileID: 0}
    - target: {fileID: 3665855454372921568, guid: 6c1929bfc6657b24cba2245af53ad7f8,
        type: 3}
      propertyPath: m_LocalPosition.z
      value: -0.003790283
      objectReference: {fileID: 0}
    - target: {fileID: 3665855454372921568, guid: 6c1929bfc6657b24cba2245af53ad7f8,
        type: 3}
      propertyPath: m_LocalRotation.x
      value: -0
      objectReference: {fileID: 0}
    - target: {fileID: 3665855454372921568, guid: 6c1929bfc6657b24cba2245af53ad7f8,
        type: 3}
      propertyPath: m_LocalRotation.y
      value: -0
      objectReference: {fileID: 0}
    - target: {fileID: 3665855454372921568, guid: 6c1929bfc6657b24cba2245af53ad7f8,
        type: 3}
      propertyPath: m_LocalRotation.z
      value: -0
      objectReference: {fileID: 0}
    - target: {fileID: 3665855454372921568, guid: 6c1929bfc6657b24cba2245af53ad7f8,
        type: 3}
      propertyPath: m_LocalRotation.w
      value: 1
      objectReference: {fileID: 0}
    - target: {fileID: 3665855454372921568, guid: 6c1929bfc6657b24cba2245af53ad7f8,
        type: 3}
      propertyPath: m_RootOrder
      value: 3
      objectReference: {fileID: 0}
    - target: {fileID: 3665855454372921568, guid: 6c1929bfc6657b24cba2245af53ad7f8,
        type: 3}
      propertyPath: m_LocalEulerAnglesHint.x
      value: 0
      objectReference: {fileID: 0}
    - target: {fileID: 3665855454372921568, guid: 6c1929bfc6657b24cba2245af53ad7f8,
        type: 3}
      propertyPath: m_LocalEulerAnglesHint.y
      value: 0
      objectReference: {fileID: 0}
    - target: {fileID: 3665855454372921568, guid: 6c1929bfc6657b24cba2245af53ad7f8,
        type: 3}
      propertyPath: m_LocalEulerAnglesHint.z
      value: 0
      objectReference: {fileID: 0}
    - target: {fileID: 8933869458146904517, guid: 6c1929bfc6657b24cba2245af53ad7f8,
        type: 3}
      propertyPath: m_Name
      value: GameObject
      objectReference: {fileID: 0}
    m_RemovedComponents: []
  m_SourcePrefab: {fileID: 100100000, guid: 6c1929bfc6657b24cba2245af53ad7f8, type: 3}
--- !u!4 &6831723274062562173 stripped
Transform:
  m_CorrespondingSourceObject: {fileID: 3665855454372921568, guid: 6c1929bfc6657b24cba2245af53ad7f8,
    type: 3}
  m_PrefabInstance: {fileID: 7786886499845735325}
  m_PrefabAsset: {fileID: 0}
--- !u!1001 &8368589026534538636
PrefabInstance:
  m_ObjectHideFlags: 0
  serializedVersion: 2
  m_Modification:
    m_TransformParent: {fileID: 571147038490881176}
    m_Modifications:
    - target: {fileID: 5684501491166317043, guid: b5ccb8433f2888741a5de3527a5cb66e,
        type: 3}
      propertyPath: m_LocalPosition.x
      value: -0.33333334
      objectReference: {fileID: 0}
    - target: {fileID: 5684501491166317043, guid: b5ccb8433f2888741a5de3527a5cb66e,
        type: 3}
      propertyPath: m_LocalPosition.y
      value: 1.5
      objectReference: {fileID: 0}
    - target: {fileID: 5684501491166317043, guid: b5ccb8433f2888741a5de3527a5cb66e,
        type: 3}
      propertyPath: m_LocalPosition.z
      value: -0.25
      objectReference: {fileID: 0}
    - target: {fileID: 5684501491166317043, guid: b5ccb8433f2888741a5de3527a5cb66e,
        type: 3}
      propertyPath: m_LocalRotation.x
      value: -0
      objectReference: {fileID: 0}
    - target: {fileID: 5684501491166317043, guid: b5ccb8433f2888741a5de3527a5cb66e,
        type: 3}
      propertyPath: m_LocalRotation.y
      value: -0
      objectReference: {fileID: 0}
    - target: {fileID: 5684501491166317043, guid: b5ccb8433f2888741a5de3527a5cb66e,
        type: 3}
      propertyPath: m_LocalRotation.z
      value: -0
      objectReference: {fileID: 0}
    - target: {fileID: 5684501491166317043, guid: b5ccb8433f2888741a5de3527a5cb66e,
        type: 3}
      propertyPath: m_LocalRotation.w
      value: 1
      objectReference: {fileID: 0}
    - target: {fileID: 5684501491166317043, guid: b5ccb8433f2888741a5de3527a5cb66e,
        type: 3}
      propertyPath: m_RootOrder
      value: 1
      objectReference: {fileID: 0}
    - target: {fileID: 5684501491166317043, guid: b5ccb8433f2888741a5de3527a5cb66e,
        type: 3}
      propertyPath: m_LocalEulerAnglesHint.x
      value: 0
      objectReference: {fileID: 0}
    - target: {fileID: 5684501491166317043, guid: b5ccb8433f2888741a5de3527a5cb66e,
        type: 3}
      propertyPath: m_LocalEulerAnglesHint.y
      value: 0
      objectReference: {fileID: 0}
    - target: {fileID: 5684501491166317043, guid: b5ccb8433f2888741a5de3527a5cb66e,
        type: 3}
      propertyPath: m_LocalEulerAnglesHint.z
      value: 0
      objectReference: {fileID: 0}
    - target: {fileID: 6999863805423601462, guid: b5ccb8433f2888741a5de3527a5cb66e,
        type: 3}
      propertyPath: m_Name
      value: Obstacle5
      objectReference: {fileID: 0}
    m_RemovedComponents: []
  m_SourcePrefab: {fileID: 100100000, guid: b5ccb8433f2888741a5de3527a5cb66e, type: 3}
--- !u!4 &4233476681135240319 stripped
Transform:
  m_CorrespondingSourceObject: {fileID: 5684501491166317043, guid: b5ccb8433f2888741a5de3527a5cb66e,
    type: 3}
  m_PrefabInstance: {fileID: 8368589026534538636}
  m_PrefabAsset: {fileID: 0}
