%YAML 1.1
%TAG !u! tag:unity3d.com,2011:
--- !u!1 &5251069812992567415
GameObject:
  m_ObjectHideFlags: 0
  m_CorrespondingSourceObject: {fileID: 0}
  m_PrefabInstance: {fileID: 0}
  m_PrefabAsset: {fileID: 0}
  serializedVersion: 6
  m_Component:
  - component: {fileID: 4698810718643776039}
  - component: {fileID: 3676406341356560209}
  - component: {fileID: 2841260449986291659}
  - component: {fileID: 4689339219939035592}
  m_Layer: 0
  m_Name: Obstacle1
  m_TagString: Obstacle
  m_Icon: {fileID: 0}
  m_NavMeshLayer: 0
  m_StaticEditorFlags: 0
  m_IsActive: 1
--- !u!4 &4698810718643776039
Transform:
  m_ObjectHideFlags: 0
  m_CorrespondingSourceObject: {fileID: 0}
  m_PrefabInstance: {fileID: 0}
  m_PrefabAsset: {fileID: 0}
  m_GameObject: {fileID: 5251069812992567415}
  m_LocalRotation: {x: 0, y: 0, z: 0, w: 1}
  m_LocalPosition: {x: 5, y: 1.5, z: 10}
  m_LocalScale: {x: 0.33333334, y: 2, z: 0.12}
  m_Children:
  - {fileID: 6576331577913410854}
  m_Father: {fileID: 0}
  m_RootOrder: 0
  m_LocalEulerAnglesHint: {x: 0, y: 0, z: 0}
--- !u!33 &3676406341356560209
MeshFilter:
  m_ObjectHideFlags: 0
  m_CorrespondingSourceObject: {fileID: 0}
  m_PrefabInstance: {fileID: 0}
  m_PrefabAsset: {fileID: 0}
  m_GameObject: {fileID: 5251069812992567415}
  m_Mesh: {fileID: 10202, guid: 0000000000000000e000000000000000, type: 0}
--- !u!23 &2841260449986291659
MeshRenderer:
  m_ObjectHideFlags: 0
  m_CorrespondingSourceObject: {fileID: 0}
  m_PrefabInstance: {fileID: 0}
  m_PrefabAsset: {fileID: 0}
  m_GameObject: {fileID: 5251069812992567415}
  m_Enabled: 0
  m_CastShadows: 1
  m_ReceiveShadows: 1
  m_DynamicOccludee: 1
  m_MotionVectors: 1
  m_LightProbeUsage: 1
  m_ReflectionProbeUsage: 1
  m_RayTracingMode: 2
  m_RenderingLayerMask: 1
  m_RendererPriority: 0
  m_Materials:
  - {fileID: 2100000, guid: f97a0a7d71152cf4a8b500cac4bb36d7, type: 2}
  m_StaticBatchInfo:
    firstSubMesh: 0
    subMeshCount: 0
  m_StaticBatchRoot: {fileID: 0}
  m_ProbeAnchor: {fileID: 0}
  m_LightProbeVolumeOverride: {fileID: 0}
  m_ScaleInLightmap: 1
  m_ReceiveGI: 1
  m_PreserveUVs: 0
  m_IgnoreNormalsForChartDetection: 0
  m_ImportantGI: 0
  m_StitchLightmapSeams: 1
  m_SelectedEditorRenderState: 3
  m_MinimumChartSize: 4
  m_AutoUVMaxDistance: 0.5
  m_AutoUVMaxAngle: 89
  m_LightmapParameters: {fileID: 0}
  m_SortingLayerID: 0
  m_SortingLayer: 0
  m_SortingOrder: 0
--- !u!65 &4689339219939035592
BoxCollider:
  m_ObjectHideFlags: 0
  m_CorrespondingSourceObject: {fileID: 0}
  m_PrefabInstance: {fileID: 0}
  m_PrefabAsset: {fileID: 0}
  m_GameObject: {fileID: 5251069812992567415}
  m_Material: {fileID: 0}
  m_IsTrigger: 1
  m_Enabled: 1
  serializedVersion: 2
  m_Size: {x: 0.9, y: 0.9, z: 0.9}
  m_Center: {x: 0, y: 0, z: 0}
--- !u!114 &5299213963010839621
MonoBehaviour:
  m_ObjectHideFlags: 0
  m_CorrespondingSourceObject: {fileID: 0}
  m_PrefabInstance: {fileID: 0}
  m_PrefabAsset: {fileID: 0}
  m_GameObject: {fileID: 6576331577913055494}
  m_Enabled: 1
  m_EditorHideFlags: 0
  m_Script: {fileID: 11500000, guid: 4b455fa087d7827418e1d823d330669a, type: 3}
  m_Name: 
  m_EditorClassIdentifier: 
  colorList:
  - {r: 1, g: 1, b: 1, a: 0}
  - {r: 0.47058824, g: 0.39215687, b: 0.3529412, a: 0}
  - {r: 0.27450982, g: 0.3529412, b: 0.3529412, a: 0}
  - {r: 0.7924528, g: 0.58370924, b: 0.18316127, a: 0}
  - {r: 0, g: 0, b: 0, a: 0}
--- !u!1001 &6576331577913024422
PrefabInstance:
  m_ObjectHideFlags: 0
  serializedVersion: 2
  m_Modification:
    m_TransformParent: {fileID: 4698810718643776039}
    m_Modifications:
    - target: {fileID: 400000, guid: 1bf04411ea1641842ab47d2f57baabf5, type: 3}
      propertyPath: m_LocalPosition.x
      value: 0
      objectReference: {fileID: 0}
    - target: {fileID: 400000, guid: 1bf04411ea1641842ab47d2f57baabf5, type: 3}
      propertyPath: m_LocalPosition.y
      value: 0
      objectReference: {fileID: 0}
    - target: {fileID: 400000, guid: 1bf04411ea1641842ab47d2f57baabf5, type: 3}
      propertyPath: m_LocalPosition.z
      value: 0
      objectReference: {fileID: 0}
    - target: {fileID: 400000, guid: 1bf04411ea1641842ab47d2f57baabf5, type: 3}
      propertyPath: m_LocalRotation.x
      value: 0
      objectReference: {fileID: 0}
    - target: {fileID: 400000, guid: 1bf04411ea1641842ab47d2f57baabf5, type: 3}
      propertyPath: m_LocalRotation.y
      value: 0
      objectReference: {fileID: 0}
    - target: {fileID: 400000, guid: 1bf04411ea1641842ab47d2f57baabf5, type: 3}
      propertyPath: m_LocalRotation.z
      value: 0
      objectReference: {fileID: 0}
    - target: {fileID: 400000, guid: 1bf04411ea1641842ab47d2f57baabf5, type: 3}
      propertyPath: m_LocalRotation.w
      value: 1
      objectReference: {fileID: 0}
    - target: {fileID: 400000, guid: 1bf04411ea1641842ab47d2f57baabf5, type: 3}
      propertyPath: m_RootOrder
      value: 0
      objectReference: {fileID: 0}
    - target: {fileID: 400000, guid: 1bf04411ea1641842ab47d2f57baabf5, type: 3}
      propertyPath: m_LocalEulerAnglesHint.x
      value: 0
      objectReference: {fileID: 0}
    - target: {fileID: 400000, guid: 1bf04411ea1641842ab47d2f57baabf5, type: 3}
      propertyPath: m_LocalEulerAnglesHint.y
      value: 0
      objectReference: {fileID: 0}
    - target: {fileID: 400000, guid: 1bf04411ea1641842ab47d2f57baabf5, type: 3}
      propertyPath: m_LocalEulerAnglesHint.z
      value: 0
      objectReference: {fileID: 0}
    - target: {fileID: 400000, guid: 1bf04411ea1641842ab47d2f57baabf5, type: 3}
      propertyPath: m_LocalScale.x
      value: 1
      objectReference: {fileID: 0}
    - target: {fileID: 400000, guid: 1bf04411ea1641842ab47d2f57baabf5, type: 3}
      propertyPath: m_LocalScale.y
      value: 1
      objectReference: {fileID: 0}
    - target: {fileID: 400000, guid: 1bf04411ea1641842ab47d2f57baabf5, type: 3}
      propertyPath: m_LocalScale.z
      value: 1
      objectReference: {fileID: 0}
    - target: {fileID: 100000, guid: 1bf04411ea1641842ab47d2f57baabf5, type: 3}
      propertyPath: m_Name
      value: poly rock cube
      objectReference: {fileID: 0}
    - target: {fileID: 2300000, guid: 1bf04411ea1641842ab47d2f57baabf5, type: 3}
      propertyPath: m_Materials.Array.data[0]
      value: 
      objectReference: {fileID: 2100000, guid: f97a0a7d71152cf4a8b500cac4bb36d7, type: 2}
    m_RemovedComponents: []
  m_SourcePrefab: {fileID: 100100000, guid: 1bf04411ea1641842ab47d2f57baabf5, type: 3}
--- !u!1 &6576331577913055494 stripped
GameObject:
  m_CorrespondingSourceObject: {fileID: 100000, guid: 1bf04411ea1641842ab47d2f57baabf5,
    type: 3}
  m_PrefabInstance: {fileID: 6576331577913024422}
  m_PrefabAsset: {fileID: 0}
--- !u!4 &6576331577913410854 stripped
Transform:
  m_CorrespondingSourceObject: {fileID: 400000, guid: 1bf04411ea1641842ab47d2f57baabf5,
    type: 3}
  m_PrefabInstance: {fileID: 6576331577913024422}
  m_PrefabAsset: {fileID: 0}
